@article{mnih-et-al,
  author = "Mnih et al",
  title  = "Human-level control through deep reinforcement learning",
  year   = "2015",
},

@article{dr-murphy,
  author = "Thomas Murphy VII",
  title  = "The First Level of Super Mario Bros. is Easy with Lexicographic Orderings and Time Travel... after that it gets a little tricky",
  year   = "2013"
}
